<?xml version="1.0" encoding="UTF-8"?><collection xmlns="http://www.loc.gov/MARC21/slim"><record><leader>00508nam--2200169-i-4500</leader><controlfield tag="001">000010381</controlfield><controlfield tag="002">20161230</controlfield><controlfield tag="005">20161230201028</controlfield><controlfield tag="008">060222s1000------------r-----000-0-eng-d</controlfield><datafield ind1=" " ind2=" " tag="040"><subfield code="a">IFIN-HH</subfield></datafield><datafield ind1=" " ind2=" " tag="080"><subfield code="a">621.014.4:53.081</subfield></datafield><datafield ind1="1" ind2=" " tag="110"><subfield code="a">Comitato Nazionale Energia Nucleare</subfield></datafield><datafield ind1="1" ind2="0" tag="245"><subfield code="a">Data on environmental radioactivity, collected in italy (january - june 1965)</subfield></datafield><datafield ind1=" " ind2=" " tag="260"><subfield code="a">Roma</subfield><subfield code="b">Comitato Nazionale Energia Nucleare</subfield><subfield code="c">1996</subfield></datafield><datafield ind1=" " ind2=" " tag="300"><subfield code="a">XX+280P</subfield></datafield><datafield ind1=" " ind2=" " tag="852"><subfield code="a">37693</subfield><subfield code="c">53.081</subfield></datafield><datafield ind1=" " ind2=" " tag="CAT"><subfield code="a">Sys</subfield><subfield code="c">20160330</subfield><subfield code="h">113217</subfield></datafield></record></collection>